<?xml version="1.0" encoding="UTF-8"?><record xmlns="http://www.loc.gov/MARC21/slim" xmlns:cinclude="http://apache.org/cocoon/include/1.0" xmlns:zs="http://www.loc.gov/zing/srw/">
  <leader>00666cz  a2200157n  4500</leader>
  <controlfield tag="001">n  99017444 </controlfield>
  <controlfield tag="003">DLC</controlfield>
  <controlfield tag="005">20111109074816.0</controlfield>
  <controlfield tag="008">990303n| acannaabn          |a aaa      </controlfield>
  <datafield tag="010" ind1=" " ind2=" ">
    <subfield code="a">n  99017444 </subfield>
    <subfield code="z">n 2010023049</subfield>
  </datafield>
  <datafield tag="035" ind1=" " ind2=" ">
    <subfield code="a">(OCoLC)oca04934288</subfield>
  </datafield>
  <datafield tag="040" ind1=" " ind2=" ">
    <subfield code="a">DLC</subfield>
    <subfield code="b">eng</subfield>
    <subfield code="c">DLC</subfield>
    <subfield code="d">OCoLC</subfield>
    <subfield code="d">OAkU-MCU</subfield>
    <subfield code="d">DLC</subfield>
  </datafield>
  <datafield tag="100" ind1="1" ind2=" ">
    <subfield code="a">Castelnuovo-Tedesco, Mario,</subfield>
    <subfield code="d">1895-1968.</subfield>
    <subfield code="t">Caprichos de Goya.</subfield>
    <subfield code="k">Selections</subfield>
  </datafield>
  <datafield tag="400" ind1="1" ind2=" ">
    <subfield code="a">Castelnuovo-Tedesco, Mario,</subfield>
    <subfield code="d">1895-1968.</subfield>
    <subfield code="t">Brabissimo</subfield>
  </datafield>
  <datafield tag="670" ind1=" " ind2=" ">
    <subfield code="a">Brabissimo, p1997.</subfield>
  </datafield>
  <datafield tag="670" ind1=" " ind2=" ">
    <subfield code="a">Castelnuovo-Tedesco, Mario. 24 caprichos de Goya, 1969:</subfield>
    <subfield code="b">t.p. (cuarderno primera (I-VI)) captions (I. Francisco Goya y Luchientes, pintor; II. Tal para qual: III. Nada se conosce)</subfield>
  </datafield>
</record>